@techreport{2021:nuSIM:Doc.01,
      author        = "Kyberd, P and Long, K",
      title         = "{nuSIM: parameters for first simulation of neutrino spectra}",
      number        = "nuSIM-2021-01",
      month         = "March",
      year          = "2021",
      reportNumber  = "nuSIM-2021-01",
      url           = "https://www.nustorm.org/trac/raw-attachment/wiki/Software-and-computing/Documentation/2021/nuSIM-doc-01.pdf",
}
@book{Wolski:2014,
  title     = "Beam dynamics in high energy particle accelerators",
  author    = "Wolski, Andrew",
  year      = 2014,
  publisher = "Imperial College Press",
  address   = "57 Shelton Street, Covent Garden, London WC2H 9HE"
}
@article{10.1038/nphys199,
author = {Fuchs, J and Antici, Patrizio and D'Humières, Emmanuel and Lefebvre, E. and Borghesi, Marco and Brambrink, E and Cecchetti, C and Kaluza, M and Malka, Victor and Manclossi, M. and Meyroneinc, S. and Mora, Paola and Schreiber, Jörg and Toncian, Toma and Pépin, Henri and Audebert, Patrick},
year = {2006},
month = {01},
pages = {},
title = {Laser-driven proton scaling laws and new paths towards energy increase},
volume = {2},
journal = {Nature Physics},
doi = {10.1038/nphys199}
}
@article{10.1103/PhysRevLett.97.045005,
author = {Schreiber, Jörg and Bell, F and Grüner, Florian and Schramm, U and Geissler, Michael and Schnürer, Matthias and Ter-Avetisyan, S and Hegelich, Bjorn and Cobble, Jake and Brambrink, E and Fuchs, J and Audebert, Patrick and Habs, D},
year = {2006},
month = {08},
pages = {045005},
title = {Analytical Model for Ion Acceleration by High-Intensity Laser Pulses},
volume = {97},
journal = {Physical review letters},
doi = {10.1103/PhysRevLett.97.045005}
}
@article{10.1038/s41598-019-41705-0,
author = {Casolaro, Pierluigi and Campajola, Luigi and Breglio, Giovanni and Buontempo, Salvatore and Consales, Marco and Cusano, Andrea and Cutolo, Antonello and Di Capua, Francesco and Fienga, Francesco and Vaiano, Patrizio},
year = {2019},
month = {03},
pages = {},
title = {Real-time dosimetry with radiochromic films},
volume = {9},
journal = {Scientific Reports},
doi = {10.1038/s41598-019-41705-0}
}
